

https://heimskringla.no/wiki/V%C3%B6lsunga_saga

@Online{volsungasaga,
 author = {GU{\DH}NI J\'ONSSON og BJARNI VILHJ\'ALMSSON},
 year = {2019},
 title = {Fornaldars{\"o}gur Nor{\dh}urlanda - V{\"o}lsunga saga},
 note = {\url{https://heimskringla.no/wiki/V%C3%B6lsunga_saga}},
 urldate = {2019-07-08}
}



@Online{nibdiplo,
 author = {},
 year = {2019},
 title = {Nibelungenlied diplomatic},
 note = {\url{https://www.linguistics.rub.de/rem/pub/texts//M321_dipl.pdf}},
 urldate = {2019-07-08}
}



@Online{nibnor,
 author = {},
 year = {2019},
 title = {Nibelungenlied normalized},
 note = {\url{https://www.linguistics.rub.de/rem/pub/texts//M321_mod.pdf}},
 urldate = {2019-07-08}
}





















@inproceedings{chiarcos2014new,
  title={New technologies for old germanic. resources and research on parallel bibles in older continental western germanic},
  author={Chiarcos, Christian and Sukhareva, Maria and Mittmann, Roland and Price, Timothy and Detmold, Gaye and Chobotsky, Jan},
  booktitle={Proceedings of 
  the 8th Workshop on Language Technology for Cultural Heritage, Social Sciences, and Humanities (LaTeCH)},
  pages={22--31},
  year={2014},
  note={\url{https://aclweb.org/anthology/W14-0604}}
}


https://github.com/coastalcph/histnorm

https://www.linguistics.rub.de/comphist/projects/ref/index.html

https://www.linguistics.rub.de/comphist/

https://www.linguistics.rub.de/rem/pub/texts//M321_dipl.pdf

https://www.linguistics.rub.de/rem/pub/texts//M321_mod.pdf
